ISA*00*          *00*          *12*7703844115CH   *01*093904167      *210310*0959*U*00401*000000033*0*P*>~GS*RA*7703844115CH*093904167*20210310*09591400*2*X*004010~ST*820*0001~BPR*I*320783.09*C*ACH*PBC~REF*IA*60088212~REF*EF*2000530416~DTM*097*20210311~N1*PE*WEST CHESTER HOLDINGS, LLC*92*38916~ENT*1~NM1*PO*2*The Home Depot Inc~ADX*-19.93*ad*1X*11217854~DTM*003*20210303~REF*PO*NA~ENT*2~NM1*PO*2*The Home Depot Inc~ADX*-31.31*ad*1X*11084496~DTM*003*20210217~REF*PO*NA~ENT*3~NM1*PO*2*The Home Depot Inc~ADX*-3318.92*ad*1X*11219555~DTM*003*20210304~REF*PO*NA~ENT*4~NM1*PO*2*The Home Depot Inc~ADX*-34.72*ad*1X*11241227~DTM*003*20210307~REF*PO*NA~ENT*5~NM1*PO*2*The Home Depot Inc~ADX*-28.13*ad*1X*11245303~DTM*003*20210308~REF*PO*NA~ENT*6~NM1*PO*2*The Home Depot Inc~ADX*-236.27*ad*1X*11241595~DTM*003*20210307~REF*PO*NA~ENT*7~NM1*PO*2*The Home Depot Inc~ADX*-13.19*ad*1X*11245302~DTM*003*20210308~REF*PO*NA~ENT*8~NM1*PO*2*The Home Depot Inc~ADX*-287.45*ad*1X*11231231~DTM*003*20210305~REF*PO*NA~ENT*9~NM1*PO*2*The Home Depot Inc~ADX*-22.82*ad*1X*11237174~DTM*003*20210306~REF*PO*NA~ENT*10~NM1*PO*2*The Home Depot Inc~ADX*-23*ad*1X*11173517~DTM*003*20210227~REF*PO*NA~ENT*11~NM1*PO*2*The Home Depot Inc~ADX*-2.28*ad*1X*17038229~DTM*003*20210307~ENT*12~NM1*PO*2*The Home Depot Inc~ADX*-8.68*ad*1X*84535036~DTM*003*20210308~ENT*13~NM1*PO*2*The Home Depot Inc~ADX*-8.68*ad*1X*84535078~DTM*003*20210308~ENT*14~NM1*PO*2*The Home Depot Inc~ADX*-8.68*ad*1X*84535035~DTM*003*20210308~ENT*15~NM1*PO*2*The Home Depot Inc~ADX*-8.68*ad*1X*84535038~DTM*003*20210308~ENT*16~NM1*PO*2*The Home Depot Inc~ADX*-8.68*ad*1X*84535037~DTM*003*20210308~ENT*17~NM1*PO*2*The Home Depot Inc~ADX*-206.79*ad*1X*11230016~DTM*003*20210305~REF*PO*NA~ENT*18~NM1*PO*2*The Home Depot Inc~ADX*-3.43*ad*1X*84535061~DTM*003*20210308~ENT*19~NM1*PO*2*The Home Depot Inc~ADX*-5.86*ad*1X*11201766~DTM*003*20210302~REF*PO*NA~ENT*20~NM1*PO*2*The Home Depot Inc~ADX*-8.43*ad*1X*11217855~DTM*003*20210303~REF*PO*NA~ENT*21~NM1*PO*2*The Home Depot Inc~ADX*-41.71*ad*1X*11219557~DTM*003*20210304~REF*PO*NA~ENT*22~NM1*PO*2*The Home Depot Inc~ADX*-5.86*ad*1X*11133703~DTM*003*20210223~REF*PO*NA~ENT*23~NM1*PO*2*The Home Depot Inc~ADX*-16.07*ad*1X*11228424~DTM*003*20210304~REF*PO*NA~ENT*24~NM1*PO*2*The Home Depot Inc~ADX*-12.79*ad*1X*11231232~DTM*003*20210305~REF*PO*NA~ENT*25~NM1*PO*2*The Home Depot Inc~ADX*-625.01*ad*1X*11230014~DTM*003*20210305~REF*PO*NA~ENT*26~NM1*PO*2*The Home Depot Inc~ADX*-4.15*ad*1X*11239505~DTM*003*20210306~REF*PO*NA~ENT*27~NM1*PO*2*The Home Depot Inc~ADX*-82.96*ad*1X*11231233~DTM*003*20210305~REF*PO*NA~ENT*28~NM1*PO*2*The Home Depot Inc~ADX*-10.75*ad*1X*11241956~DTM*003*20210307~REF*PO*NA~ENT*29~NM1*PO*2*The Home Depot Inc~ADX*-25.18*ad*1X*11230015~DTM*003*20210305~REF*PO*NA~ENT*30~NM1*PO*2*The Home Depot Inc~ADX*-172.61*ad*1X*11236805~DTM*003*20210306~REF*PO*NA~ENT*31~NM1*PO*2*The Home Depot Inc~ADX*-19.33*ad*1X*17038224~DTM*003*20210307~ENT*32~NM1*PO*2*The Home Depot Inc~ADX*-46*ad*1X*11240043~DTM*003*20210306~REF*PO*NA~ENT*33~NM1*PO*2*The Home Depot Inc~ADX*-213.28*ad*1X*11241225~DTM*003*20210307~REF*PO*NA~ENT*34~NM1*PO*2*The Home Depot Inc~ADX*-222.76*ad*1X*11237559~DTM*003*20210306~REF*PO*NA~ENT*35~NM1*PO*2*The Home Depot Inc~ADX*-740.45*ad*1X*11237173~DTM*003*20210306~REF*PO*NA~ENT*36~NM1*PO*2*The Home Depot Inc~ADX*-696.87*ad*1X*11241955~DTM*003*20210307~REF*PO*NA~ENT*37~NM1*PO*2*The Home Depot Inc~ADX*-8.43*ad*1X*11201830~DTM*003*20210302~REF*PO*NA~ENT*38~NM1*PO*2*The Home Depot Inc~ADX*-18.78*ad*1X*11241596~DTM*003*20210307~REF*PO*NA~ENT*39~NM1*PO*2*The Home Depot Inc~ADX*-78.1*ad*1X*11219556~DTM*003*20210304~REF*PO*NA~ENT*40~NM1*PO*2*The Home Depot Inc~ADX*-25.95*ad*1X*11241226~DTM*003*20210307~REF*PO*NA~ENT*41~NM1*PO*2*The Home Depot Inc~ADX*-25.95*ad*1X*17020303~DTM*003*20210308~ENT*42~NM1*PO*2*The Home Depot Inc~ADX*-96.34*ad*1X*11244418~DTM*003*20210308~REF*PO*NA~ENT*43~NM1*PO*2*The Home Depot Inc~ADX*-113.57*ad*1X*11244727~DTM*003*20210308~REF*PO*NA~ENT*44~NM1*PO*2*The Home Depot Inc~ADX*-11.5*ad*1X*11222269~DTM*003*20210304~REF*PO*NA~ENT*45~NM1*PO*2*The Home Depot Inc~ADX*-38.84*ad*1X*11237175~DTM*003*20210306~REF*PO*NA~ENT*46~NM1*PO*2*The Home Depot Inc~ADX*-12.85*ad*1X*11241957~DTM*003*20210307~REF*PO*NA~ENT*47~NM1*PO*2*The Home Depot Inc~ADX*-11.5*ad*1X*11140668~DTM*003*20210223~REF*PO*NA~ENT*48~NM1*PO*2*The Home Depot Inc~ADX*-24.4*ad*1X*11084495~DTM*003*20210217~REF*PO*NA~ENT*49~NM1*PO*2*The Home Depot Inc~ADX*-9.5*ad*1X*11177669~DTM*003*20210228~REF*PO*NA~ENT*50~NM1*PO*2*The Home Depot Inc~ADX*-11.05*ad*1X*17010395~DTM*003*20210306~ENT*51~NM1*PO*2*The Home Depot Inc~ADX*-6.45*ad*1X*17020314~DTM*003*20210308~ENT*52~NM1*PO*2*The Home Depot Inc~ADX*-464.14*ad*1X*11245301~DTM*003*20210308~REF*PO*NA~ENT*53~NM1*PO*2*The Home Depot Inc~ADX*-34.16*ad*1X*11236806~DTM*003*20210306~REF*PO*NA~ENT*54~NM1*PO*2*The Home Depot Inc~ADX*-27.86*ad*1X*11237561~DTM*003*20210306~REF*PO*NA~ENT*55~NM1*PO*2*The Home Depot Inc~ADX*-32.03*ad*1X*11237560~DTM*003*20210306~REF*PO*NA~ENT*56~NM1*PO*2*The Home Depot Inc~ADX*-304.5*ad*1X*11229990~DTM*003*20210305~REF*PO*NA~ENT*57~NM1*PO*2*The Home Depot Inc~RMR*IV*S4257736**7.2*7.35*.15~REF*PO*0025633167~DTM*003*20210210~ENT*58~NM1*PO*2*The Home Depot Inc~ADX*-.07*ad*1X*S4257736~NTE*OTH*TRADE DISCOUNT~DTM*003*20210210~REF*PO*0025633167~ENT*59~NM1*PO*2*The Home Depot Inc~RMR*IV*4247757001**3169.83*3227.46*57.63~REF*PO*0031937865~DTM*003*20210203~ENT*60~NM1*PO*2*The Home Depot Inc~ADX*-345.98*ad*1X*4247757001~NTE*OTH*TRADE DISCOUNT~DTM*003*20210203~REF*PO*0031937865~ENT*61~NM1*PO*2*The Home Depot Inc~ADX*-4.41*ad*1X*4247725001~NTE*OTH*TRADE DISCOUNT~DTM*003*20210205~REF*PO*0033915392~ENT*62~NM1*PO*2*The Home Depot Inc~RMR*IV*4247725001**40.42*41.16*.74~REF*PO*0033915392~DTM*003*20210205~ENT*63~NM1*PO*2*The Home Depot Inc~RMR*IV*4247720001**48.95*49.8*.85~REF*PO*0032925993~DTM*003*20210203~ENT*64~NM1*PO*2*The Home Depot Inc~ADX*-7.2*ad*1X*4247720001~NTE*OTH*TRADE DISCOUNT~DTM*003*20210203~REF*PO*0032925993~ENT*65~NM1*PO*2*The Home Depot Inc~ADX*-.18*ad*1X*S4248575~NTE*OTH*TRADE DISCOUNT~DTM*003*20210203~REF*PO*0076574484~ENT*66~NM1*PO*2*The Home Depot Inc~RMR*IV*S4248575**18.86*19.24*.38~REF*PO*0076574484~DTM*003*20210203~ENT*67~NM1*PO*2*The Home Depot Inc~RMR*IV*4246291001**297.11*302.28*5.17~REF*PO*0036909795~DTM*003*20210202~ENT*68~NM1*PO*2*The Home Depot Inc~ADX*-43.68*ad*1X*4246291001~NTE*OTH*TRADE DISCOUNT~DTM*003*20210202~REF*PO*0036909795~ENT*69~NM1*PO*2*The Home Depot Inc~RMR*IV*4253426001**127.5*129.72*2.22~REF*PO*0033916796~DTM*003*20210205~ENT*70~NM1*PO*2*The Home Depot Inc~ADX*-18.74*ad*1X*4253426001~NTE*OTH*TRADE DISCOUNT~DTM*003*20210205~REF*PO*0033916796~ENT*71~NM1*PO*2*The Home Depot Inc~RMR*IV*4238874001**1220.24*1242.42*22.18~REF*PO*0018937184~DTM*003*20210127~ENT*72~NM1*PO*2*The Home Depot Inc~ADX*-133.19*ad*1X*4238874001~NTE*OTH*TRADE DISCOUNT~DTM*003*20210127~REF*PO*0018937184~ENT*73~NM1*PO*2*The Home Depot Inc~ADX*-2255.2*ad*1X*4253414001~NTE*OTH*TRADE DISCOUNT~DTM*003*20210205~REF*PO*0026925202~ENT*74~NM1*PO*2*The Home Depot Inc~RMR*IV*4253414001**20661.64*21037.28*375.64~REF*PO*0026925202~DTM*003*20210205~ENT*75~NM1*PO*2*The Home Depot Inc~RMR*IV*S4257745**2.92*2.98*.06~REF*PO*0025720801~DTM*003*20210210~ENT*76~NM1*PO*2*The Home Depot Inc~ADX*-.03*ad*1X*S4257745~NTE*OTH*TRADE DISCOUNT~DTM*003*20210210~REF*PO*0025720801~ENT*77~NM1*PO*2*The Home Depot Inc~RMR*IV*4250151001**190.48*193.8*3.32~REF*PO*0025925939~DTM*003*20210203~ENT*78~NM1*PO*2*The Home Depot Inc~ADX*-28*ad*1X*4250151001~NTE*OTH*TRADE DISCOUNT~DTM*003*20210203~REF*PO*0025925939~ENT*79~NM1*PO*2*The Home Depot Inc~RMR*IV*4238881001**8.73*8.88*.15~REF*PO*0038922504~DTM*003*20210127~ENT*80~NM1*PO*2*The Home Depot Inc~ADX*-1.28*ad*1X*4238881001~NTE*OTH*TRADE DISCOUNT~DTM*003*20210127~REF*PO*0038922504~ENT*81~NM1*PO*2*The Home Depot Inc~ADX*-1.28*ad*1X*4241086001~NTE*OTH*TRADE DISCOUNT~DTM*003*20210128~REF*PO*0026920020~ENT*82~NM1*PO*2*The Home Depot Inc~RMR*IV*4241086001**8.73*8.88*.15~REF*PO*0026920020~DTM*003*20210128~ENT*83~NM1*PO*2*The Home Depot Inc~RMR*IV*4241078001**8.73*8.88*.15~REF*PO*0014909608~DTM*003*20210128~ENT*84~NM1*PO*2*The Home Depot Inc~ADX*-1.28*ad*1X*4241078001~NTE*OTH*TRADE DISCOUNT~DTM*003*20210128~REF*PO*0014909608~ENT*85~NM1*PO*2*The Home Depot Inc~ADX*-14.39*ad*1X*4244711001~NTE*OTH*TRADE DISCOUNT~DTM*003*20210201~REF*PO*0014910537~ENT*86~NM1*PO*2*The Home Depot Inc~RMR*IV*4244711001**97.9*99.6*1.7~REF*PO*0014910537~DTM*003*20210201~ENT*87~NM1*PO*2*The Home Depot Inc~RMR*IV*4247754001**2000.59*2036.96*36.37~REF*PO*0011920061~DTM*003*20210203~ENT*88~NM1*PO*2*The Home Depot Inc~ADX*-218.36*ad*1X*4247754001~NTE*OTH*TRADE DISCOUNT~DTM*003*20210203~REF*PO*0011920061~ENT*89~NM1*PO*2*The Home Depot Inc~ADX*-3009.58*ad*1X*4246293001~NTE*OTH*TRADE DISCOUNT~DTM*003*20210202~REF*PO*0045910170~ENT*90~NM1*PO*2*The Home Depot Inc~RMR*IV*4246293001**27573.13*28074.43*501.3~REF*PO*0045910170~DTM*003*20210202~ENT*91~NM1*PO*2*The Home Depot Inc~RMR*IV*4238940001**157.11*159.84*2.73~REF*PO*0032921993~DTM*003*20210126~ENT*92~NM1*PO*2*The Home Depot Inc~ADX*-23.1*ad*1X*4238940001~NTE*OTH*TRADE DISCOUNT~DTM*003*20210126~REF*PO*0032921993~ENT*93~NM1*PO*2*The Home Depot Inc~ADX*-2.57*ad*1X*4246301001~NTE*OTH*TRADE DISCOUNT~DTM*003*20210202~REF*PO*0036909849~ENT*94~NM1*PO*2*The Home Depot Inc~RMR*IV*4246301001**17.46*17.76*.3~REF*PO*0036909849~DTM*003*20210202~ENT*95~NM1*PO*2*The Home Depot Inc~ADX*-2.57*ad*1X*4247745001~NTE*OTH*TRADE DISCOUNT~DTM*003*20210203~REF*PO*0047909376~ENT*96~NM1*PO*2*The Home Depot Inc~RMR*IV*4247745001**17.46*17.76*.3~REF*PO*0047909376~DTM*003*20210203~ENT*97~NM1*PO*2*The Home Depot Inc~RMR*IV*4241083001**162.41*165.24*2.83~REF*PO*0038922848~DTM*003*20210127~ENT*98~NM1*PO*2*The Home Depot Inc~ADX*-23.88*ad*1X*4241083001~NTE*OTH*TRADE DISCOUNT~DTM*003*20210127~REF*PO*0038922848~ENT*99~NM1*PO*2*The Home Depot Inc~ADX*-.06*ad*1X*S4257691~NTE*OTH*TRADE DISCOUNT~DTM*003*20210210~REF*PO*0024983479~ENT*100~NM1*PO*2*The Home Depot Inc~RMR*IV*S4257691**6.18*6.3*.12~REF*PO*0024983479~DTM*003*20210210~ENT*101~NM1*PO*2*The Home Depot Inc~RMR*IV*S4257832**4.79*4.89*.1~REF*PO*0025750475~DTM*003*20210210~ENT*102~NM1*PO*2*The Home Depot Inc~ADX*-.05*ad*1X*S4257832~NTE*OTH*TRADE DISCOUNT~DTM*003*20210210~REF*PO*0025750475~ENT*103~NM1*PO*2*The Home Depot Inc~RMR*IV*S4257688**10.29*10.5*.21~REF*PO*0024971713~DTM*003*20210210~ENT*104~NM1*PO*2*The Home Depot Inc~ADX*-.1*ad*1X*S4257688~NTE*OTH*TRADE DISCOUNT~DTM*003*20210210~REF*PO*0024971713~ENT*105~NM1*PO*2*The Home Depot Inc~RMR*IV*S4257738**7.2*7.35*.15~REF*PO*0025635763~DTM*003*20210210~ENT*106~NM1*PO*2*The Home Depot Inc~ADX*-.07*ad*1X*S4257738~NTE*OTH*TRADE DISCOUNT~DTM*003*20210210~REF*PO*0025635763~ENT*107~NM1*PO*2*The Home Depot Inc~RMR*IV*S4257927**6.18*6.3*.12~REF*PO*0025848382~DTM*003*20210210~ENT*108~NM1*PO*2*The Home Depot Inc~ADX*-.06*ad*1X*S4257927~NTE*OTH*TRADE DISCOUNT~DTM*003*20210210~REF*PO*0025848382~ENT*109~NM1*PO*2*The Home Depot Inc~ADX*-.04*ad*1X*S4257900~NTE*OTH*TRADE DISCOUNT~DTM*003*20210210~REF*PO*0025841349~ENT*110~NM1*PO*2*The Home Depot Inc~RMR*IV*S4257900**4.08*4.16*.08~REF*PO*0025841349~DTM*003*20210210~ENT*111~NM1*PO*2*The Home Depot Inc~RMR*IV*S4257778**4.08*4.16*.08~REF*PO*0025741913~DTM*003*20210210~ENT*112~NM1*PO*2*The Home Depot Inc~ADX*-.04*ad*1X*S4257778~NTE*OTH*TRADE DISCOUNT~DTM*003*20210210~REF*PO*0025741913~ENT*113~NM1*PO*2*The Home Depot Inc~RMR*IV*4241085001**557.94*568.08*10.14~REF*PO*0005931115~DTM*003*20210128~ENT*114~NM1*PO*2*The Home Depot Inc~ADX*-60.9*ad*1X*4241085001~NTE*OTH*TRADE DISCOUNT~DTM*003*20210128~REF*PO*0005931115~ENT*115~NM1*PO*2*The Home Depot Inc~ADX*-.05*ad*1X*S4257939~NTE*OTH*TRADE DISCOUNT~DTM*003*20210210~REF*PO*0025901906~ENT*116~NM1*PO*2*The Home Depot Inc~RMR*IV*S4257939**5.27*5.38*.11~REF*PO*0025901906~DTM*003*20210210~ENT*117~NM1*PO*2*The Home Depot Inc~RMR*IV*4244712001**500.13*509.22*9.09~REF*PO*0036909448~DTM*003*20210201~ENT*118~NM1*PO*2*The Home Depot Inc~ADX*-54.59*ad*1X*4244712001~NTE*OTH*TRADE DISCOUNT~DTM*003*20210201~REF*PO*0036909448~ENT*119~NM1*PO*2*The Home Depot Inc~RMR*IV*4241088001**193.9*197.28*3.38~REF*PO*0014909484~DTM*003*20210128~ENT*120~NM1*PO*2*The Home Depot Inc~ADX*-28.51*ad*1X*4241088001~NTE*OTH*TRADE DISCOUNT~DTM*003*20210128~REF*PO*0014909484~ENT*121~NM1*PO*2*The Home Depot Inc~ADX*-398.18*ad*1X*4238865001~NTE*OTH*TRADE DISCOUNT~DTM*003*20210127~REF*PO*0025922376~ENT*122~NM1*PO*2*The Home Depot Inc~RMR*IV*4238865001**3648.08*3714.4*66.32~REF*PO*0025922376~DTM*003*20210127~ENT*123~NM1*PO*2*The Home Depot Inc~RMR*IV*4247740001**13321.15*13563.34*242.19~REF*PO*0038924402~DTM*003*20210203~ENT*124~NM1*PO*2*The Home Depot Inc~ADX*-1453.99*ad*1X*4247740001~NTE*OTH*TRADE DISCOUNT~DTM*003*20210203~REF*PO*0038924402~ENT*125~NM1*PO*2*The Home Depot Inc~RMR*IV*S4251718**29.36*29.95*.59~REF*PO*0023588684~DTM*003*20210204~ENT*126~NM1*PO*2*The Home Depot Inc~ADX*-.28*ad*1X*S4251718~NTE*OTH*TRADE DISCOUNT~DTM*003*20210204~REF*PO*0023588684~ENT*127~NM1*PO*2*The Home Depot Inc~RMR*IV*4241081001**2800.24*2851.15*50.91~REF*PO*0033913437~DTM*003*20210128~ENT*128~NM1*PO*2*The Home Depot Inc~ADX*-305.64*ad*1X*4241081001~NTE*OTH*TRADE DISCOUNT~DTM*003*20210128~REF*PO*0033913437~ENT*129~NM1*PO*2*The Home Depot Inc~RMR*IV*S4257770**2.35*2.4*.05~REF*PO*0025756392~DTM*003*20210210~ENT*130~NM1*PO*2*The Home Depot Inc~ADX*-.02*ad*1X*S4257770~NTE*OTH*TRADE DISCOUNT~DTM*003*20210210~REF*PO*0025756392~ENT*131~NM1*PO*2*The Home Depot Inc~RMR*IV*4238921001**77549.57*78959.47*1409.9~REF*PO*0032921988~DTM*003*20210126~ENT*132~NM1*PO*2*The Home Depot Inc~ADX*-8464.46*ad*1X*4238921001~NTE*OTH*TRADE DISCOUNT~DTM*003*20210126~REF*PO*0032921988~ENT*133~NM1*PO*2*The Home Depot Inc~RMR*IV*4244710001**4071.32*4145.34*74.02~REF*PO*0005932176~DTM*003*20210201~ENT*134~NM1*PO*2*The Home Depot Inc~ADX*-444.38*ad*1X*4244710001~NTE*OTH*TRADE DISCOUNT~DTM*003*20210201~REF*PO*0005932176~ENT*135~NM1*PO*2*The Home Depot Inc~RMR*IV*S4257741**5.37*5.48*.11~REF*PO*0025663122~DTM*003*20210210~ENT*136~NM1*PO*2*The Home Depot Inc~ADX*-.05*ad*1X*S4257741~NTE*OTH*TRADE DISCOUNT~DTM*003*20210210~REF*PO*0025663122~ENT*137~NM1*PO*2*The Home Depot Inc~RMR*IV*S4255321**5.37*5.48*.11~REF*PO*0024912046~DTM*003*20210210~ENT*138~NM1*PO*2*The Home Depot Inc~ADX*-.05*ad*1X*S4255321~NTE*OTH*TRADE DISCOUNT~DTM*003*20210210~REF*PO*0024912046~ENT*139~NM1*PO*2*The Home Depot Inc~RMR*IV*S4257849**5.37*5.48*.11~REF*PO*0025791985~DTM*003*20210210~ENT*140~NM1*PO*2*The Home Depot Inc~ADX*-.05*ad*1X*S4257849~NTE*OTH*TRADE DISCOUNT~DTM*003*20210210~REF*PO*0025791985~ENT*141~NM1*PO*2*The Home Depot Inc~RMR*IV*S4253303**5.37*5.48*.11~REF*PO*0033568725~DTM*003*20210210~ENT*142~NM1*PO*2*The Home Depot Inc~ADX*-.05*ad*1X*S4253303~NTE*OTH*TRADE DISCOUNT~DTM*003*20210210~REF*PO*0033568725~ENT*143~NM1*PO*2*The Home Depot Inc~RMR*IV*S4257945**5.86*5.98*.12~REF*PO*0025908687~DTM*003*20210210~ENT*144~NM1*PO*2*The Home Depot Inc~ADX*-.06*ad*1X*S4257945~NTE*OTH*TRADE DISCOUNT~DTM*003*20210210~REF*PO*0025908687~ENT*145~NM1*PO*2*The Home Depot Inc~ADX*-139.5*ad*1X*4247719001~NTE*OTH*TRADE DISCOUNT~DTM*003*20210203~REF*PO*0031937853~ENT*146~NM1*PO*2*The Home Depot Inc~RMR*IV*4247719001**1278.04*1301.28*23.24~REF*PO*0031937853~DTM*003*20210203~ENT*147~NM1*PO*2*The Home Depot Inc~RMR*IV*4238860001**1278.04*1301.28*23.24~REF*PO*0011917380~DTM*003*20210127~ENT*148~NM1*PO*2*The Home Depot Inc~ADX*-139.5*ad*1X*4238860001~NTE*OTH*TRADE DISCOUNT~DTM*003*20210127~REF*PO*0011917380~ENT*149~NM1*PO*2*The Home Depot Inc~ADX*-.05*ad*1X*S4257684~NTE*OTH*TRADE DISCOUNT~DTM*003*20210210~REF*PO*0024971638~ENT*150~NM1*PO*2*The Home Depot Inc~RMR*IV*S4257684**5.43*5.54*.11~REF*PO*0024971638~DTM*003*20210210~ENT*151~NM1*PO*2*The Home Depot Inc~RMR*IV*S4257853**5.86*5.98*.12~REF*PO*0025791570~DTM*003*20210210~ENT*152~NM1*PO*2*The Home Depot Inc~ADX*-.06*ad*1X*S4257853~NTE*OTH*TRADE DISCOUNT~DTM*003*20210210~REF*PO*0025791570~ENT*153~NM1*PO*2*The Home Depot Inc~RMR*IV*4250163001**78.55*79.92*1.37~REF*PO*0033915748~DTM*003*20210203~ENT*154~NM1*PO*2*The Home Depot Inc~ADX*-11.55*ad*1X*4250163001~NTE*OTH*TRADE DISCOUNT~DTM*003*20210203~REF*PO*0033915748~ENT*155~NM1*PO*2*The Home Depot Inc~RMR*IV*4238877001**1344*1368.43*24.43~REF*PO*0036907896~DTM*003*20210127~ENT*156~NM1*PO*2*The Home Depot Inc~ADX*-146.7*ad*1X*4238877001~NTE*OTH*TRADE DISCOUNT~DTM*003*20210127~REF*PO*0036907896~ENT*157~NM1*PO*2*The Home Depot Inc~ADX*-296.89*ad*1X*4241087001~NTE*OTH*TRADE DISCOUNT~DTM*003*20210128~REF*PO*0038922971~ENT*158~NM1*PO*2*The Home Depot Inc~RMR*IV*4241087001**2720.09*2769.54*49.45~REF*PO*0038922971~DTM*003*20210128~ENT*159~NM1*PO*2*The Home Depot Inc~RMR*IV*4246298001**1716*1747.2*31.2~REF*PO*0031937640~DTM*003*20210202~ENT*160~NM1*PO*2*The Home Depot Inc~ADX*-187.3*ad*1X*4246298001~NTE*OTH*TRADE DISCOUNT~DTM*003*20210202~REF*PO*0031937640~ENT*161~NM1*PO*2*The Home Depot Inc~RMR*IV*4246299001**1393.4*1418.73*25.33~REF*PO*0033914699~DTM*003*20210202~ENT*162~NM1*PO*2*The Home Depot Inc~ADX*-152.09*ad*1X*4246299001~NTE*OTH*TRADE DISCOUNT~DTM*003*20210202~REF*PO*0033914699~ENT*163~NM1*PO*2*The Home Depot Inc~RMR*IV*4250155001**31469.82*32041.96*572.14~REF*PO*0035907347~DTM*003*20210203~ENT*164~NM1*PO*2*The Home Depot Inc~ADX*-3434.9*ad*1X*4250155001~NTE*OTH*TRADE DISCOUNT~DTM*003*20210203~REF*PO*0035907347~ENT*165~NM1*PO*2*The Home Depot Inc~RMR*IV*S4257769**3.74*3.82*.08~REF*PO*0025721304~DTM*003*20210210~ENT*166~NM1*PO*2*The Home Depot Inc~ADX*-.04*ad*1X*S4257769~NTE*OTH*TRADE DISCOUNT~DTM*003*20210210~REF*PO*0025721304~ENT*167~NM1*PO*2*The Home Depot Inc~ADX*-.06*ad*1X*S4257783~NTE*OTH*TRADE DISCOUNT~DTM*003*20210210~REF*PO*0025749017~ENT*168~NM1*PO*2*The Home Depot Inc~RMR*IV*S4257783**5.97*6.09*.12~REF*PO*0025749017~DTM*003*20210210~ENT*169~NM1*PO*2*The Home Depot Inc~ADX*-.06*ad*1X*S4257936~NTE*OTH*TRADE DISCOUNT~DTM*003*20210210~REF*PO*0025880076~ENT*170~NM1*PO*2*The Home Depot Inc~RMR*IV*S4257936**5.97*6.09*.12~REF*PO*0025880076~DTM*003*20210210~ENT*171~NM1*PO*2*The Home Depot Inc~RMR*IV*S4257744**5.97*6.09*.12~REF*PO*0025696951~DTM*003*20210210~ENT*172~NM1*PO*2*The Home Depot Inc~ADX*-.06*ad*1X*S4257744~NTE*OTH*TRADE DISCOUNT~DTM*003*20210210~REF*PO*0025696951~ENT*173~NM1*PO*2*The Home Depot Inc~RMR*IV*S4257943**5.97*6.09*.12~REF*PO*0025902372~DTM*003*20210210~ENT*174~NM1*PO*2*The Home Depot Inc~ADX*-.06*ad*1X*S4257943~NTE*OTH*TRADE DISCOUNT~DTM*003*20210210~REF*PO*0025902372~ENT*175~NM1*PO*2*The Home Depot Inc~RMR*IV*4241089001**15997.45*16288.29*290.84~REF*PO*0026919889~DTM*003*20210128~ENT*176~NM1*PO*2*The Home Depot Inc~ADX*-1746.1*ad*1X*4241089001~NTE*OTH*TRADE DISCOUNT~DTM*003*20210128~REF*PO*0026919889~ENT*177~NM1*PO*2*The Home Depot Inc~RMR*IV*S4255312**2.35*2.4*.05~REF*PO*0033556325~DTM*003*20210210~ENT*178~NM1*PO*2*The Home Depot Inc~ADX*-.02*ad*1X*S4255312~NTE*OTH*TRADE DISCOUNT~DTM*003*20210210~REF*PO*0033556325~ENT*179~NM1*PO*2*The Home Depot Inc~RMR*IV*S4257636**14.41*14.7*.29~REF*PO*0024945569~DTM*003*20210210~ENT*180~NM1*PO*2*The Home Depot Inc~ADX*-.14*ad*1X*S4257636~NTE*OTH*TRADE DISCOUNT~DTM*003*20210210~REF*PO*0024945569~ENT*181~NM1*PO*2*The Home Depot Inc~ADX*-.06*ad*1X*S4257850~NTE*OTH*TRADE DISCOUNT~DTM*003*20210210~REF*PO*0025784179~ENT*182~NM1*PO*2*The Home Depot Inc~RMR*IV*S4257850**6.18*6.3*.12~REF*PO*0025784179~DTM*003*20210210~ENT*183~NM1*PO*2*The Home Depot Inc~ADX*-.06*ad*1X*S4257899~NTE*OTH*TRADE DISCOUNT~DTM*003*20210210~REF*PO*0025824105~ENT*184~NM1*PO*2*The Home Depot Inc~RMR*IV*S4257899**5.71*5.83*.12~REF*PO*0025824105~DTM*003*20210210~ENT*185~NM1*PO*2*The Home Depot Inc~RMR*IV*S4255308**10.55*10.76*.21~REF*PO*0024866125~DTM*003*20210210~ENT*186~NM1*PO*2*The Home Depot Inc~ADX*-.1*ad*1X*S4255308~NTE*OTH*TRADE DISCOUNT~DTM*003*20210210~REF*PO*0024866125~ENT*187~NM1*PO*2*The Home Depot Inc~RMR*IV*S4257641**10.55*10.76*.21~REF*PO*0024951300~DTM*003*20210210~ENT*188~NM1*PO*2*The Home Depot Inc~ADX*-.1*ad*1X*S4257641~NTE*OTH*TRADE DISCOUNT~DTM*003*20210210~REF*PO*0024951300~ENT*189~NM1*PO*2*The Home Depot Inc~RMR*IV*4247721001**967.29*984.88*17.59~REF*PO*0035907056~DTM*003*20210203~ENT*190~NM1*PO*2*The Home Depot Inc~ADX*-105.58*ad*1X*4247721001~NTE*OTH*TRADE DISCOUNT~DTM*003*20210203~REF*PO*0035907056~ENT*191~NM1*PO*2*The Home Depot Inc~RMR*IV*S4257933**2.06*2.1*.04~REF*PO*0025875063~DTM*003*20210210~ENT*192~NM1*PO*2*The Home Depot Inc~ADX*-.02*ad*1X*S4257933~NTE*OTH*TRADE DISCOUNT~DTM*003*20210210~REF*PO*0025875063~ENT*193~NM1*PO*2*The Home Depot Inc~ADX*-.01*ad*1X*S4255324~NTE*OTH*TRADE DISCOUNT~DTM*003*20210210~REF*PO*0024924593~ENT*194~NM1*PO*2*The Home Depot Inc~RMR*IV*S4255324**1.46*1.49*.03~REF*PO*0024924593~DTM*003*20210210~ENT*195~NM1*PO*2*The Home Depot Inc~RMR*IV*S4257893**1.46*1.49*.03~REF*PO*0025823974~DTM*003*20210210~ENT*196~NM1*PO*2*The Home Depot Inc~ADX*-.01*ad*1X*S4257893~NTE*OTH*TRADE DISCOUNT~DTM*003*20210210~REF*PO*0025823974~ENT*197~NM1*PO*2*The Home Depot Inc~RMR*IV*S4255301**10.86*11.08*.22~REF*PO*0024831132~DTM*003*20210210~ENT*198~NM1*PO*2*The Home Depot Inc~ADX*-.11*ad*1X*S4255301~NTE*OTH*TRADE DISCOUNT~DTM*003*20210210~REF*PO*0024831132~ENT*199~NM1*PO*2*The Home Depot Inc~RMR*IV*S4255303**10.86*11.08*.22~REF*PO*0024835629~DTM*003*20210210~ENT*200~NM1*PO*2*The Home Depot Inc~ADX*-.11*ad*1X*S4255303~NTE*OTH*TRADE DISCOUNT~DTM*003*20210210~REF*PO*0024835629~ENT*201~NM1*PO*2*The Home Depot Inc~ADX*-.06*ad*1X*S4257729~NTE*OTH*TRADE DISCOUNT~DTM*003*20210210~REF*PO*0025627881~ENT*202~NM1*PO*2*The Home Depot Inc~RMR*IV*S4257729**6.67*6.8*.13~REF*PO*0025627881~DTM*003*20210210~ENT*203~NM1*PO*2*The Home Depot Inc~RMR*IV*S4255306**42.1*42.95*.85~REF*PO*0024849232~DTM*003*20210210~ENT*204~NM1*PO*2*The Home Depot Inc~ADX*-.41*ad*1X*S4255306~NTE*OTH*TRADE DISCOUNT~DTM*003*20210210~REF*PO*0024849232~ENT*205~NM1*PO*2*The Home Depot Inc~RMR*IV*S4257724**2.06*2.1*.04~REF*PO*0025618239~DTM*003*20210210~ENT*206~NM1*PO*2*The Home Depot Inc~ADX*-.02*ad*1X*S4257724~NTE*OTH*TRADE DISCOUNT~DTM*003*20210210~REF*PO*0025618239~ENT*207~NM1*PO*2*The Home Depot Inc~RMR*IV*S4257874**2.06*2.1*.04~REF*PO*0025797136~DTM*003*20210210~ENT*208~NM1*PO*2*The Home Depot Inc~ADX*-.02*ad*1X*S4257874~NTE*OTH*TRADE DISCOUNT~DTM*003*20210210~REF*PO*0025797136~ENT*209~NM1*PO*2*The Home Depot Inc~RMR*IV*S4257870**5.27*5.38*.11~REF*PO*0025793987~DTM*003*20210210~ENT*210~NM1*PO*2*The Home Depot Inc~ADX*-.05*ad*1X*S4257870~NTE*OTH*TRADE DISCOUNT~DTM*003*20210210~REF*PO*0025793987~ENT*211~NM1*PO*2*The Home Depot Inc~RMR*IV*4244690001**132.12*134.52*2.4~REF*PO*0014910578~DTM*003*20210203~ENT*212~NM1*PO*2*The Home Depot Inc~ADX*-14.42*ad*1X*4244690001~NTE*OTH*TRADE DISCOUNT~DTM*003*20210203~REF*PO*0014910578~ENT*213~NM1*PO*2*The Home Depot Inc~ADX*-.02*ad*1X*S4257846~NTE*OTH*TRADE DISCOUNT~DTM*003*20210210~REF*PO*0025762734~ENT*214~NM1*PO*2*The Home Depot Inc~RMR*IV*S4257846**2.06*2.1*.04~REF*PO*0025762734~DTM*003*20210210~ENT*215~NM1*PO*2*The Home Depot Inc~RMR*IV*S4255317**4.12*4.2*.08~REF*PO*0024882889~DTM*003*20210210~ENT*216~NM1*PO*2*The Home Depot Inc~ADX*-.04*ad*1X*S4255317~NTE*OTH*TRADE DISCOUNT~DTM*003*20210210~REF*PO*0024882889~ENT*217~NM1*PO*2*The Home Depot Inc~ADX*-3.85*ad*1X*4246303001~NTE*OTH*TRADE DISCOUNT~DTM*003*20210202~REF*PO*0036909798~ENT*218~NM1*PO*2*The Home Depot Inc~RMR*IV*4246303001**26.18*26.64*.46~REF*PO*0036909798~DTM*003*20210202~ENT*219~NM1*PO*2*The Home Depot Inc~RMR*IV*4247747001**557.94*568.08*10.14~REF*PO*0012932940~DTM*003*20210203~ENT*220~NM1*PO*2*The Home Depot Inc~ADX*-60.9*ad*1X*4247747001~NTE*OTH*TRADE DISCOUNT~DTM*003*20210203~REF*PO*0012932940~ENT*221~NM1*PO*2*The Home Depot Inc~RMR*IV*4223346001**881.17*897.19*16.02~REF*PO*0032917578~DTM*003*20210115~ENT*222~NM1*PO*2*The Home Depot Inc~ADX*-96.18*ad*1X*4223346001~NTE*OTH*TRADE DISCOUNT~DTM*003*20210115~REF*PO*0032917578~ENT*223~NM1*PO*2*The Home Depot Inc~RMR*IV*4247748001**2012.52*2049.11*36.59~REF*PO*0032926165~DTM*003*20210203~ENT*224~NM1*PO*2*The Home Depot Inc~ADX*-219.66*ad*1X*4247748001~NTE*OTH*TRADE DISCOUNT~DTM*003*20210203~REF*PO*0032926165~ENT*225~NM1*PO*2*The Home Depot Inc~RMR*IV*4255268001**52758.25*53717.43*959.18~REF*PO*0026925471~DTM*003*20210208~ENT*226~NM1*PO*2*The Home Depot Inc~ADX*-5758.51*ad*1X*4255268001~NTE*OTH*TRADE DISCOUNT~DTM*003*20210208~REF*PO*0026925471~ENT*227~NM1*PO*2*The Home Depot Inc~RMR*IV*4250162001**30619.01*31175.68*556.67~REF*PO*0018939703~DTM*003*20210203~ENT*228~NM1*PO*2*The Home Depot Inc~ADX*-3342.03*ad*1X*4250162001~NTE*OTH*TRADE DISCOUNT~DTM*003*20210203~REF*PO*0018939703~ENT*229~NM1*PO*2*The Home Depot Inc~RMR*IV*4253424001**42761.4*43532.67*771.27~REF*PO*0031939353~DTM*003*20210205~ENT*230~NM1*PO*2*The Home Depot Inc~ADX*-4630.36*ad*1X*4253424001~NTE*OTH*TRADE DISCOUNT~DTM*003*20210205~REF*PO*0031939353~ENT*231~NM1*PO*2*The Home Depot Inc~ADX*-339*ad*1X*4253424001~NTE*OTH*SHORTAGE~DTM*003*20210205~REF*PO*0031939353~ENT*232~NM1*PO*2*The Home Depot Inc~ADX*-465.32*ad*1X*4246302001~NTE*OTH*SHORTAGE~DTM*003*20210202~REF*PO*0035906568~ENT*233~NM1*PO*2*The Home Depot Inc~ADX*-2064.98*ad*1X*4246302001~NTE*OTH*TRADE DISCOUNT~DTM*003*20210202~REF*PO*0035906568~ENT*234~NM1*PO*2*The Home Depot Inc~RMR*IV*4246302001**19384.2*19728.16*343.96~REF*PO*0035906568~DTM*003*20210202~ENT*235~NM1*PO*2*The Home Depot Inc~ADX*-382.35*ad*1X*4233047001~NTE*OTH*TRADE DISCOUNT~DTM*003*20210121~REF*PO*0009995020~ENT*236~NM1*PO*2*The Home Depot Inc~RMR*IV*4233047001**4304.75*4384.8*80.05~REF*PO*0009995020~DTM*003*20210121~SE*1267*0001~GE*1*2~IEA*1*000000033~